@article{blum1992npcomplete,
  author = {Blum, Manuel and others},
  title = {NP-complete problems for networks of processors},
  journal = {Journal Placeholder},
  year = {1992},
  volume = {1},
  pages = {1--10},
}

@article{kohavi1997wrappers,
  author    = {Ron Kohavi and George H. John},
  title     = {Wrappers for Feature Subset Selection},
  journal   = {Artificial Intelligence},
  volume    = {97},
  number    = {1-2},
  pages     = {273--324},
  year      = {1997}
}

@article{pereira2011pso,
author = {Pereira, Gon√ßalo},
year = {2011},
month = {05},
pages = {},
title = {Particle Swarm Optimization}
}

@article{ChengS2018swarm, 
author = {Cheng, S. and Lu, H. and Lei, X. and Shi, Y.}, 
title = {A quarter century of particle swarm optimization}, 
journal = {Complex &Amp; Intelligent Systems}, 
year = {2018}, volume = {4}, issue = {3}, pages = {227-239}, 
doi = {10.1007/s40747-018-0071-2} }

@article{sengupta2018, author = {Sengupta, S. and Basak, S. and Peters, R.}, title = {Particle swarm optimization: a survey of historical and recent developments with hybridization perspectives}, journal = {Machine Learning and Knowledge Extraction}, year = {2018}, volume = {1}, issue = {1}, pages = {157-191}, doi = {10.3390/make1010010} }

@article{zain2014bpso, author = {Zain, I. F. M. and Shin, S. Y.}, title = {Distributed localization for wireless sensor networks using binary particle swarm optimization (bpso)}, journal = {2014 IEEE 79th Vehicular Technology Conference (VTC Spring)}, year = {2014}, pages = {1-5}, doi = {10.1109/vtcspring.2014.7022886} }


@inproceedings{Street1993NuclearFE,
  title={Nuclear feature extraction for breast tumor diagnosis},
  author={William Nick Street and William H. Wolberg and Olvi L. Mangasarian},
  booktitle={Electronic imaging},
  year={1993},
  url={https://api.semanticscholar.org/CorpusID:14922543}
}

@article{mostafa2022convergencepso, author = {Mostafa, A. and Nahas, O. E. and Mekky, M.}, title = {An adaptive particle swarm based compressive sensing technique}, journal = {Menoufia Journal of Electronic Engineering Research}, year = {2022}, volume = {31}, issue = {2}, pages = {100-106}, doi = {10.21608/mjeer.2022.147042.1062} }